% This file was created with JabRef 2.3.
% Encoding: ISO8859_2

@MISC{bib:LSF,
  author = {http://www.platform.com},
  title = {Platform Computing - Accelerating Intelligence - Grid Computing},
  howpublished = {Web Page},
  year = {2004},
  owner = {olas},
  timestamp = {2008.06.02}
}

@MISC{bib:mosix,
  author = {http://www.mosix.org},
  title = {{MOSIX}},
  howpublished = {Web Page},
  year = {2004},
  owner = {olas},
  timestamp = {2008.06.02}
}

@MISC{bib:PBS,
  author = {http://www.openpbs.org},
  title = {{OpenPBS}},
  howpublished = {Web Page},
  year = {2003},
  owner = {olas},
  timestamp = {2008.06.02}
}

@MISC{bib:SCORE,
  author = {http://cluster.mcs.st-and.ac.uk/score/en},
  title = {{SCore} {C}luster {S}ystem {S}oftware {D}ocuments},
  howpublished = {Web Page},
  year = {2003},
  owner = {olas},
  timestamp = {2008.06.02}
}

@BOOK{bib:Buyya,
  title = {{H}igh {P}erformance {C}luster {C}omputing: {P}rogramming and {A}pplications},
  publisher = {Prentice Hall Inc.},
  year = {1999},
  author = {R. Buyya ed.},
  owner = {olas},
  timestamp = {2008.06.02}
}

@MISC{BakerCluster,
  author = {M. Baker},
  title = {{C}luster {C}omputing {W}hite {P}aper},
  year = {2000},
  note = {citeseer.ist.psu.edu/baker00cluster.html},
  owner = {olas},
  timestamp = {2008.06.02}
}

@BOOK{bib:KitowskiSystemy,
  title = {Współczesne systemy komputerowe},
  publisher = {CCNS},
  year = {2000},
  author = {J. Kitowski},
  address = {Kraków},
  owner = {olas},
  timestamp = {2008.06.02}
}

@BOOK{bib:KompRow,
  title = {Komputery równoległe: architektura, elementy programowania},
  publisher = {Wydawnictwa Naukowo{\dywiz}Techniczne},
  year = {1993},
  author = {S. Kozielbski and Z. Szczebrbiński},
  address = {Warszawa},
  owner = {olas},
  timestamp = {2008.06.02}
}

@ARTICLE{bib:Condor,
  author = {Douglas Thain and Todd Tannenbaum and and Miron Livny},
  title = {{D}istributed {C}omputing in {P}ractice: {T}he {C}ondor {E}xperience},
  journal = {Concurrency and Computation: Practice and Experience},
  year = {2004},
  address = {w druku},
  owner = {olas},
  timestamp = {2008.06.02}
}

@UNPUBLISHED{bib:WyrzykowskiArch,
  author = {R. Wyrzykowski},
  title = {Organizacja procesów obliczeniowych w równoległych i rozproszonych
	systemach komputerowych},
  note = {http://\-www.k2.pcz.czest.pl/\~roman/\-book1/\-spis.html},
  owner = {olas},
  timestamp = {2008.06.02}
}

@comment{jabref-meta: selector_journal:}

@comment{jabref-meta: selector_author:}

@comment{jabref-meta: selector_keywords:}

@comment{jabref-meta: selector_publisher:}

